@TechReport{LMF,
  author =       {José A. Alonso},
  title =        {Temas de ``{L}ógica matemática y fundamentos (2018--19)''},
  institution =  {Univ. de Sevilla},
  year =         2019,
  note =         {En \href{https://www.cs.us.es/~jalonso/cursos/lmf-18/temas.php}
                          {\url{https://www.cs.us.es/~jalonso/cursos/lmf-18/temas.php}}}       
}


@Book{tutorial,
  author        = {Tobias Nipkow and Lawrence C. Paulson and Markus Wenzel},
  title         = {Isabelle/HOL: A proof assistant for {H}igher--{O}rder {L}ogic},
  publisher     = {Lecture Notes in Computer Science, Vol. 2283, Springer--Verlag}, 
  year          = 2019,
  note          = {En \href{https://www.cl.cam.ac.uk/research/hvg/Isabelle/dist/Isabelle2019/doc/tutorial.pdf}
                           {\url{https://www.cl.cam.ac.uk/research/hvg/Isabelle/dist/Isabelle2019/doc/tutorial.pdf}}}
}

@Book{fitting1996first,
  author={Fitting, M.},
  title={First-order Logic and Automated Theorem Proving},
  isbn={9780387945934},
  lccn={95045225},
  series={Graduate texts in computer science},
  url={https://books.google.es/books?id=T8OMqvXvWWQC},
  year={1996},
  publisher={Springer}
}

@TechReport{CC,
  author =       {F. Félix Lara Martín},
  title =        {Temas 3 de ``{C}iencias de la computación (2018--19)'': Funciones recursivas},
  institution =  {Univ. de Sevilla},
  year =         2019,
  note =         {En \href{http://www.cs.us.es/cursos/cc-2018/Tema-03.pdf}
                          {\url{http://www.cs.us.es/cursos/cc-2018/Tema-03.pdf}}}       
}


